@misc{gram,
  author = "David Heath and Vladimir Kolesnikov and Rafail Ostrovskey",
  title = "Practical Garbled {RAM}",
}

@inproceedings{face,
  title={Data Flow Oriented Software Design in a FACE Architecture},
  author={David Heath and Trevor Stittleburg},
  year={2015}
}

@article{zhou_heath_harris_2019,
  title={Relational Verification via Invariant-Guided Synchronization},
  volume={296},
  DOI={10.4204/eptcs.296.6},
  journal={Electronic Proceedings in Theoretical Computer Science},
  author={Zhou, Qi and Heath, David and Harris, William},
  year={2019},
  pages={28–41},
}

@article{zhou_heath_harris_2018,
  title={Solving Constrained Horn Clauses Using Dependence-Disjoint Expansions},
  volume={278}, DOI={10.4204/eptcs.278.3},
  journal={Electronic Proceedings in Theoretical Computer Science},
  author={Zhou, Qi and Heath, David and Harris, William},
  year={2018},
  pages={3–18},
}

@misc{sublinearstack,
  author = "Abida Haque and David Heath and Vladimir Kolesnikov and Steve Lu and Rafail Ostrovsky and Akash Shah",
  title = "On Compact {$2$PC}",
}

@misc{symphony,
  author = "David Darais and David Heath and Ryan Estes and William Harris and Michael Hicks",
  title = "{$\lambda$-Symphony}: A Concise Language Model for {MPC}",
}
@misc{ezee,
  author = "Yibin Yang and David Heath and Vladimir Kolesnikov and David Devecsery",
  title = "{EZEE}: Epoch Parallel Zero Knowledge for {ANSI C}",
}

@INPROCEEDINGS{CCS:HK21,
  author =       "David Heath and Vladimir Kolesnikov",
  booktitle =    {ACM CCS 2021},
  title =        "One Hot Garbling",
  month =        {November},
  publisher =    ccspub,
  year =         2021,
}

@INPROCEEDINGS{AC:HK21,
  author =       "David Heath and Vladimir Kolesnikov",
  booktitle =    {ASIACRYPT 2021},
  title =        "{PrORAM}: Fast {$O(\log n)$} Private Coin {ZK ORAM}",
  month =        {December},
  publisher =    asiacryptpub,
  series =       mylncs,
  year =         2021,
}

@INPROCEEDINGS{AC:HKP21,
  author =       "David Heath and Vladimir Kolesnikov and Stanislav Peceny",
  booktitle =    {ASIACRYPT 2021},
  title =        "Garbling, Stacked and Staggered",
  month =        {December},
  publisher =    asiacryptpub,
  series =       mylncs,
  year =         2021,
}

@INPROCEEDINGS {SP:HYDK21,
author = {David Heath and Yibin Yang and David Devecsery and Vladimir Kolesnikov},
booktitle = {2021 IEEE Symposium on Security and Privacy (SP)},
title = {Zero Knowledge for Everything and Everyone: Fast {ZK} Processor with Cached {ORAM} for {ANSI} {C} Programs},
year = {2021},
volume = {},
issn = {},
pages = {1538-1556},
keywords = {heating systems;privacy;linux;instruments;instruction sets;random access memory;user experience},
doi = {10.1109/SP40001.2021.00089},
url = {https://doi.ieeecomputersociety.org/10.1109/SP40001.2021.00089},
address = {Los Alamitos, CA, USA},
month = {May}
}

@INPROCEEDINGS {CLS:Heath2021,
author = {David Heath},
booktitle = {Georgia Tech Cybersecurity Lecture Series},
title = {Zero-Knowledge for Everything and Everyone},
year = {2021},
volume = {},
issn = {},
month = {February}
}


@inproceedings{HKL21,
	address = {Cham},
	author = {Heath, David and Kolesnikov, Vladimir and Lu, Jiahui},
	booktitle = {Cyber Security Cryptography and Machine Learning},
	editor = {Dolev, Shlomi and Margalit, Oded and Pinkas, Benny and Schwarzmann, Alexander},
	pages = {414--431},
	publisher = {Springer International Publishing},
	title = {Efficient Generic Arithmetic for {KKW}: Practical Linear {MPC}-in-the-Head {NIZK} on Commodity Hardware without Trusted Setup},
	year = {2021}
}


@INPROCEEDINGS {Stanford:Heath2021,
author = {David Heath},
booktitle = {Stanford Security Seminar},
title = {LogStack: Stacked Garbling with {$O(b \log b)$} Computation},
year = {2021},
volume = {},
issn = {},
url = {https://crypto.stanford.edu/seclab/sem-20-21/heath.html},
month = {May}
}

@INPROCEEDINGS {Stanford:Heath2020,
author = {David Heath},
booktitle = {Stanford Security Seminar},
title = {Stacked Garbling: Garbled Circuit Proportional to Longest Execution Path},
year = {2020},
volume = {},
issn = {},
url = {https://crypto.stanford.edu/seclab/sem-20-21/heath.html},
month = {September}
}

@INPROCEEDINGS {CLS:Heath2019,
author = {David Heath},
booktitle = {Georgia Tech Cybersecurity Lecture Series},
title = {Efficiently Computing with Private Data},
year = {2019},
volume = {},
issn = {},
month = {September}
}
